\clearpage
\addcontentsline{toc}{chapter}{References}
\begin{thebibliography}{25}

\bibitem{chalfoun2017mist}
Chalfoun, Joe and Majurski, Michael and Blattner, Tim and Bhadriraju, Kiran and Keyrouz, Walid and Bajcsy, Peter and Brady, Mary
\emph{MIST: Accurate and Scalable Microscopy Image Stitching Tool with Stage Modeling and Error Minimization.}
Nature Publishing Group, p.g. 4988, no 1, vol 7, 2017.

\bibitem{armstrong00}
Armstrong, M.A. 
\emph{Basic Topology.} 
England:
Editorial Board, 2000.
 
\end{thebibliography}

\bibliography{tesis}