@article{tsai2011robust,
  title={Robust, globally consistent and fully automatic multi-image registration and montage synthesis for 3-D multi-channel images},
  author={TSAI, C-L and Lister, James P and Bjornsson, CS and Smith, Karen and Shain, William and Barnes, Carol A and Roysam, Badrinath},
  journal={Journal of microscopy},
  volume={243},
  number={2},
  pages={154--171},
  year={2011},
  publisher={Wiley Online Library}
}
@article{chalfoun2017mist,
  title={MIST: Accurate and Scalable Microscopy Image Stitching Tool with Stage Modeling and Error Minimization},
  author={Chalfoun, Joe and Majurski, Michael and Blattner, Tim and Bhadriraju, Kiran and Keyrouz, Walid and Bajcsy, Peter and Brady, Mary},
  journal={Scientific reports},
  volume={7},
  number={1},
  pages={4988},
  year={2017},
  publisher={Nature Publishing Group}
}
@article{emmenlauer2009xuvtools,
  title={XuvTools: free, fast and reliable stitching of large 3D datasets},
  author={Emmenlauer, Mario and Ronneberger, Olaf and Ponti, Aaron and Schwarb, Patrick and Griffa, Alessandra and Filippi, Alida and Nitschke, Roland and Driever, Wolfgang and Burkhardt, Hans},
  journal={Journal of microscopy},
  volume={233},
  number={1},
  pages={42--60},
  year={2009},
  publisher={Wiley Online Library}
}
@article{bria2012terastitcher,
  title={TeraStitcher-a tool for fast automatic 3D-stitching of teravoxel-sized microscopy images},
  author={Bria, Alessandro and Iannello, Giulio},
  journal={BMC bioinformatics},
  volume={13},
  number={1},
  pages={316},
  year={2012},
  publisher={BioMed Central}
}